ABNANL2A
940
ABNANL2A
:20:7942690/0070458
:25:117301523
:28:1701/01
:60F:C020116EUR70907,92
:61:1602260225C1190,00N196NONREF
:86:/IBAN/NL13TEST0123456789/
NAME/HET FIETSPARADIJS/REMI/UW FACTUUR 20160012
:61:1602260225C2550,00N196NONREF
:86:/IBAN/NL13TEST0123456789/
NAME/HET FIETSPARADIJS/REMI/UW KENMERK 10000 20160013 DATUM * 02-01-2016
:61:1602260225C10000,00N196NONREF
:86:/IBAN/NL38RABO0123456800/
NAME/PIETERSEN EN DE BRUIN B.V./REMI/20160016/10002 DEELBETALING
:61:1602260225C50005,00N196NONREF
:86:/IBAN/NL91ABNA0464607582/
NAME/COMPUTER EAGLE
:61:1602260225D601,97N196NONREF
:86:/IBAN/NL02RABO0123457254/
REMI/GAS & LICHT NOTA TERMYN 3 @1020050 MUIS SOFTWARE BV HEEMSKERK
:61:1602260225C1600,00N196NONREF
:86:/IBAN/NL91ABNA0464607582/
NAME/COMPUTER EAGLE/REMI/20160018 20160021 20160023 VERZAMELBETALING
:61:1602260225D1103,00N196NONREF
:86:/IBAN/NL33RABO0123457181/
NAME/BERGHOEF KANTOORBENODIGDHEDEN/REMI/UW FATUUR DD. 12-02-16 DIRECT VIA TELEBANKING BETAALD.
:61:1602260225D601,97N196NONREF
:86:/IBAN/NL69ABNA0900280859/
REMI/TELEFOON NOTA VIA AUTOMATISCHE INCASSO. PERIODE 1 /TM 12
:62F:C020117EUR75589,69
-
